  @Manual{R,
    title = {R: A Language and Environment for Statistical Computing},
    author = {{R Core Team}},
    organization = {R Foundation for Statistical Computing},
    address = {Vienna, Austria},
    year = {2022},
    url = {https://www.R-project.org/},
  }


@article{multcomp,
	title = {Simultaneous {Inference} in {General} {Parametric} {Models}},
	volume = {50},
	number = {3},
	journal = {Biometrical Journal},
	author = {Hothorn, Torsten and Bretz, Frank and Westfall, Peter},
	year = {2008},
	pages = {346--363},
}

@article{tidyverse,
	title = {Welcome to the tidyverse},
	volume = {4},
	doi = {10.21105/joss.01686},
	number = {43},
	journal = {Journal of Open Source Software},
	author = {Wickham, Hadley and Averick, Mara and Bryan, Jennifer and Chang, Winston and McGowan, Lucy D'Agostino and François, Romain and Grolemund, Garrett and Hayes, Alex and Henry, Lionel and Hester, Jim and Kuhn, Max and Pedersen, Thomas Lin and Miller, Evan and Bache, Stephan Milton and Müller, Kirill and Ooms, Jeroen and Robinson, David and Seidel, Dana Paige and Spinu, Vitalie and Takahashi, Kohske and Vaughan, Davis and Wilke, Claus and Woo, Kara and Yutani, Hiroaki},
	year = {2019},
	pages = {1686},
}

@book{emmeans,
	title = {emmeans: {Estimated} {Marginal} {Means}, aka {Least}-{Squares} {Means}},
	url = {https://CRAN.R-project.org/package=emmeans},
	author = {Lenth, Russell V.},
	year = {2022},
	annote = {R package version 1.8.3},
}

@book{car,
	address = {Thousand Oaks CA},
	edition = {Third},
	title = {An {R} {Companion} to {Applied} {Regression}},
	url = {https://socialsciences.mcmaster.ca/jfox/Books/Companion/},
	publisher = {Sage},
	author = {Fox, John and Weisberg, Sanford},
	year = {2019},
}

@article{lme4,
	title = {Fitting {Linear} {Mixed}-{Effects} {Models} {Using} lme4},
	volume = {67},
	doi = {10.18637/jss.v067.i01},
	number = {1},
	journal = {Journal of Statistical Software},
	author = {Bates, Douglas and Mächler, Martin and Bolker, Ben and Walker, Steve},
	year = {2015},
	pages = {1--48},
}
